<?xml version="1.0" encoding="UTF-8"?><record xmlns="http://www.loc.gov/MARC21/slim" xmlns:cinclude="http://apache.org/cocoon/include/1.0" xmlns:zs="http://www.loc.gov/zing/srw/">
  <leader>00637cz  a2200157n  4500</leader>
  <controlfield tag="001">n  88647796 </controlfield>
  <controlfield tag="003">DLC</controlfield>
  <controlfield tag="005">20080228081258.0</controlfield>
  <controlfield tag="008">880706n| acannaabn          |a aaa      </controlfield>
  <datafield tag="010" ind1=" " ind2=" ">
    <subfield code="a">n  88647796 </subfield>
  </datafield>
  <datafield tag="035" ind1=" " ind2=" ">
    <subfield code="a">(OCoLC)oca02314368</subfield>
  </datafield>
  <datafield tag="040" ind1=" " ind2=" ">
    <subfield code="a">DLC</subfield>
    <subfield code="b">eng</subfield>
    <subfield code="c">DLC</subfield>
    <subfield code="d">OCoLC</subfield>
  </datafield>
  <datafield tag="100" ind1="1" ind2=" ">
    <subfield code="a">Shilleto, A. R.</subfield>
    <subfield code="q">(Arthur Richard),</subfield>
    <subfield code="d">1848-1894</subfield>
  </datafield>
  <datafield tag="400" ind1="1" ind2=" ">
    <subfield code="w">nna</subfield>
    <subfield code="a">Shilleto, Arthur Richard,</subfield>
    <subfield code="d">1848-1894</subfield>
  </datafield>
  <datafield tag="670" ind1=" " ind2=" ">
    <subfield code="a">nuc88-59059: Josephus, F. Works of Flavius Josephus [MI] 1889-1890</subfield>
    <subfield code="b">(hdg. on CtY rept.: Shilleto, Arthur Richard, 1848-1892; usage: A.R. Shilleto)</subfield>
  </datafield>
  <datafield tag="670" ind1=" " ind2=" ">
    <subfield code="a">LC data base, 7/6/88</subfield>
    <subfield code="b">(hdg.: Shilleto, Arthur Richard, 1848-1894; usage: A.R. Shilleto)</subfield>
  </datafield>
</record>